### Paper ##################################################################################################################################


@ARTICLE{Goldhammer-2014,
	author      = {Goldhammer, M. and Doll, K. and Brunsmann, U.},
	journal		= {Pattern Recognition (ICPR), 2014 22nd International Conference},
	title       = {Pedestrian’s Trajectory Forecast in Public Traffic with Artificial Neural Networks},
	year        = {2014},
	pages		= {4110-4115},
	doi			= {10.1109/ICPR.2014.704},
	keywords    = {article},
}


### Buecher ##################################################################################################################################


@BOOK{Bar-Shalom,
	author   	= {Bar-Shalom, Yaakov and Willett, Peter K. and Tian, Xin}, 
	title     	= {Tracking and Data Fusion: A Handbook of Algorithms. Storrs and CT},
	publisher 	= {YBS Publishing},
	year      	= {2011},
	isbn      	= {0-9648-3127-9},
	keywords    = {book}
}


### Master Thesis #############################################################################################################################

@MASTERSTHESIS{Goldhammer,
	author      = {Michael Goldhammer}, 
	title       = {Selbstlernende Algorithmen zur videobasierten Absichtserkennung von Fußgängern},
	year        = {2016},
	school	    = {Hochschule Aschaffenburg, Fakult{\"a}t Ingenieurswissenschaften},
	type 	    = {Doktorarbeit},
	keywords    = {MBA}
}


### Online ####################################################################################################################################


@ONLINE{WHO-2004,
	author 	    = {World Health Organization WHO},
	title 	    = {World report on road traffic injury prevention 2004},
	year	    = {2004},
	url		    = {http://apps.who.int/iris/bitstream/10665/42871/1/9241562609.pdf},
	urldate	    = {2016-07-30},
	keywords    = {online}
}