
@book{lorenz_reinforcement_2020,
	address = {Berlin, Heidelberg},
	title = {Reinforcement {Learning}: {Aktuelle} {Ans√§tze} verstehen - mit {Beispielen} in {Java} und {Greenfoot}},
	isbn = {978-3-662-61650-5 978-3-662-61651-2},
	shorttitle = {Reinforcement {Learning}},
	url = {http://link.springer.com/10.1007/978-3-662-61651-2},
	language = {de},
	urldate = {2023-10-04},
	publisher = {Springer Berlin Heidelberg},
	author = {Lorenz, Uwe},
	year = {2020},
	doi = {10.1007/978-3-662-61651-2},
}

@book{joshi_machine_2020,
	address = {Cham},
	title = {Machine {Learning} and {Artificial} {Intelligence}},
	isbn = {978-3-030-26621-9 978-3-030-26622-6},
	url = {http://link.springer.com/10.1007/978-3-030-26622-6},
	language = {en},
	urldate = {2023-11-24},
	publisher = {Springer International Publishing},
	author = {Joshi, Ameet V},
	year = {2020},
	doi = {10.1007/978-3-030-26622-6},
}
